<record><leader>00000cas a2200000 i 4500</leader><controlfield tag="001">940781418</controlfield><controlfield tag="006">m     o  d        </controlfield><controlfield tag="007">cr |||||||||||</controlfield><controlfield tag="008">160224d19111978scuwr neo     0   a0eng  </controlfield><datafield ind1=" " ind2=" " tag="010"><subfield code="a">  2016271004</subfield></datafield><datafield ind1=" " ind2=" " tag="040"><subfield code="a">DLC</subfield><subfield code="b">eng</subfield><subfield code="e">rda</subfield><subfield code="c">DLC</subfield><subfield code="d">DLC</subfield><subfield code="d">OCLCF</subfield></datafield><datafield ind1="0" ind2=" " tag="022"><subfield code="a">2471-0466</subfield><subfield code="2">1</subfield></datafield><datafield ind1=" " ind2=" " tag="042"><subfield code="a">pcc</subfield><subfield code="a">nsdp</subfield></datafield><datafield ind1=" " ind2=" " tag="043"><subfield code="a">n-us-sc</subfield></datafield><datafield ind1="1" ind2="0" tag="050"><subfield code="a">ISSN RECORD</subfield></datafield><datafield ind1="1" ind2="0" tag="082"><subfield code="a">071</subfield><subfield code="2">23</subfield></datafield><datafield ind1="0" ind2=" " tag="130"><subfield code="a">Pageland journal (Pageland, S.C. : 1911)</subfield></datafield><datafield ind1=" " ind2="4" tag="222"><subfield code="a">The Pageland journal</subfield><subfield code="b">(Pageland, S.C. 1911. Online)</subfield></datafield><datafield ind1="1" ind2="4" tag="245"><subfield code="a">The Pageland journal.</subfield></datafield><datafield ind1=" " ind2="1" tag="264"><subfield code="a">Pageland, S.C. :</subfield><subfield code="b">C. M. Tucker and H. L. Johnson</subfield></datafield><datafield ind1=" " ind2=" " tag="300"><subfield code="a">1 online resource</subfield></datafield><datafield ind1=" " ind2=" " tag="310"><subfield code="a">Weekly</subfield></datafield><datafield ind1=" " ind2=" " tag="336"><subfield code="a">text</subfield><subfield code="b">txt</subfield><subfield code="2">rdacontent</subfield></datafield><datafield ind1=" " ind2=" " tag="337"><subfield code="a">computer</subfield><subfield code="b">c</subfield><subfield code="2">rdamedia</subfield></datafield><datafield ind1=" " ind2=" " tag="338"><subfield code="a">online resource</subfield><subfield code="b">cr</subfield><subfield code="2">rdacarrier</subfield></datafield><datafield ind1="1" ind2=" " tag="362"><subfield code="a">Began in 1911; ceased in 1978.</subfield></datafield><datafield ind1=" " ind2=" " tag="500"><subfield code="a">Publisher: Robert S. Latimer, &lt;October 11-November 22, 1922&gt;.</subfield></datafield><datafield ind1=" " ind2=" " tag="588"><subfield code="a">Description based on: Vol. 4, No. 18 (January 13, 1914); title from masthead (Chroniclingamerica.loc.gov, viewed February 24, 2016).</subfield></datafield><datafield ind1=" " ind2=" " tag="588"><subfield code="a">Latest issue consulted: Vol. 13, No. 11 (November 22, 1922) (Chroniclingamerica.loc.gov, viewed February 24, 2016).</subfield></datafield><datafield ind1=" " ind2="0" tag="651"><subfield code="a">Pageland (S.C.)</subfield><subfield code="v">Newspapers.</subfield></datafield><datafield ind1=" " ind2="0" tag="651"><subfield code="a">Chesterfield County (S.C.)</subfield><subfield code="v">Newspapers.</subfield></datafield><datafield ind1=" " ind2="7" tag="655"><subfield code="a">Newspapers.</subfield><subfield code="2">fast</subfield><subfield code="0">(OCoLC)fst01423814</subfield></datafield><datafield ind1=" " ind2="7" tag="651"><subfield code="a">South Carolina</subfield><subfield code="z">Chesterfield County.</subfield><subfield code="2">fast</subfield><subfield code="0">(OCoLC)fst01209228</subfield></datafield><datafield ind1=" " ind2="7" tag="651"><subfield code="a">South Carolina</subfield><subfield code="z">Pageland.</subfield><subfield code="2">fast</subfield><subfield code="0">(OCoLC)fst01232287</subfield></datafield><datafield ind1=" " ind2=" " tag="752"><subfield code="a">United States</subfield><subfield code="b">South Carolina</subfield><subfield code="c">Chesterfield</subfield><subfield code="d">Pageland.</subfield></datafield><datafield ind1="0" ind2="8" tag="776"><subfield code="i">Originally issued in print:</subfield><subfield code="t">Pageland journal (Pageland, S.C. : 1911)</subfield><subfield code="x">2471-0458</subfield><subfield code="w">(DLC)sn 86063754</subfield><subfield code="w">(OCoLC)13640338</subfield></datafield><datafield ind1="0" ind2="0" tag="780"><subfield code="t">News and scout</subfield></datafield><datafield ind1="0" ind2="7" tag="785"><subfield code="t">Chesterfield advertiser (Chesterfield, S.C. : 1880)</subfield></datafield><datafield ind1="0" ind2="7" tag="785"><subfield code="t">Chesterfield advertiser-journal</subfield></datafield><datafield ind1="4" ind2="0" tag="856"><subfield code="u">http://chroniclingamerica.loc.gov/lccn/sn86063754/issues/</subfield></datafield></record>